@online{pic:SIMFormfactor,
 author  = "Wikimedia Commons",
 title   = "GSM SIM card evolution",
 year    = "2012",
 urlseen = "24-06-2022",
 url     = {https://commons.wikimedia.org/wiki/File:GSM_SIM_card_evolution.svg#/media/File:GSM_SIM_card_evolution.svg}
}