@article{Meyer:AttackseSIM,
    title = {Attacks against GSMA’s M2M Remote Provisioning},
    author = {Meyer, Maxime and Quaglia, Elizabeth A. and Smyth, Ben },
    year = 2018,
    journal = {Financial Cryptography and Data Security},
    publisher = {Springer Berlin Heidelberg}}
    
@article{Meyer:eSIMOverview,
  author    = {Maxime Meyer and
               Elizabeth A. Quaglia and
               Ben Smyth},
  title     = {An Overview of GSMA's {M2M} Remote Provisioning Specification},
  journal   = {CoRR},
  volume    = {abs/1906.02254},
  year      = {2019},
  url       = {http://arxiv.org/abs/1906.02254},
  eprinttype = {arXiv},
  eprint    = {1906.02254},
  timestamp = {Thu, 13 Jun 2019 13:36:00 +0200},
  biburl    = {https://dblp.org/rec/journals/corr/abs-1906-02254.bib},
  bibsource = {dblp computer science bibliography, https://dblp.org}
}

@inproceedings{Zhao:SecureSIM,
    author = {Zhao, Jinghao and Ding, Boyan and Guo, Yunqi and Tan, Zhaowei and Lu, Songwu},
    title = {SecureSIM: Rethinking Authentication and Access Control for SIM/ESIM},
    year = {2021},
    isbn = {9781450383424},
    publisher = {Association for Computing Machinery},
    address = {New York, NY, USA},
    url = {https://doi.org/10.1145/3447993.3483254},
    doi = {10.1145/3447993.3483254},
    booktitle = {Proceedings of the 27th Annual International Conference on Mobile Computing and Networking},
    pages = {451–464},
    numpages = {14},
    keywords = {SecureSIM, mobile security, SIM security, access control},
    location = {New Orleans, Louisiana},
    series = {MobiCom '21}
}

@inproceedings{Pradhan:SecureProtforSIM,  
    author={Pradhan, Akshat and Marimuthu, K. and Niranchana, R. and Vijayakumar, P.},  booktitle={2017 Second International Conference on Recent Trends and Challenges in Computational Models (ICRTCCM)},   title={Secure Protocol for Subscriber Identity Module},   year={2017},  volume={},  number={},  pages={358-362},  doi={10.1109/ICRTCCM.2017.74}
}

@inproceedings{Ding:FormAnalSessionKey,
    author = {Ding, Zhonglin and Hu, Yang and Luo, Wei and Huang, Zhongming and Xue, Jintao and Qin, Zhongyuan},
    title = {Formal Analysis and Verification of Embedded SIM Session Key Agreement Protocol},
    year = {2021},
    isbn = {9781450384322},
    publisher = {Association for Computing Machinery},
    address = {New York, NY, USA},
    url = {https://doi.org/10.1145/3501409.3501568},
    doi = {10.1145/3501409.3501568},
    booktitle = {Proceedings of the 2021 5th International Conference on Electronic Information Technology and Computer Engineering},
    pages = {882–888},
    numpages = {7},
    keywords = {SPIN, Petri net, Formal analysis, Embedded SIM, Session key agreement protocol},
    location = {Xiamen, China},
    series = {EITCE 2021}
}
@ARTICLE{Gerpott:eSIM,
    title   = "Embedded Subscriber Identity Module {eSIM}",
    author  = "Gerpott, Torsten J and May, Sebastian",
    journal = "Business \& Information Systems Engineering",
    volume  =  59,
    number  =  4,
    pages   = "293--296",
    month   =  aug,
    year    =  2017
}
@Article{Ahmed:TransparancyProfile,
    author={Ahmed, Abu Shohel
    and Thakur, Mukesh
    and Paavolainen, Santeri
    and Aura, Tuomas},
    title={Transparency of SIM profiles for the consumer remote SIM provisioning protocol},
    journal={Annals of Telecommunications},
    year={2021},
    month={04},
    day={01},
    volume={76},
    number={3},
    pages={187-202},
    issn={1958-9395},
    doi={10.1007/s12243-020-00791-2},
    url={https://doi.org/10.1007/s12243-020-00791-2}
}
@Article{Fabian:SecReqEngin,
    author={Fabian, Benjamin
    and G{\"u}rses, Seda
    and Heisel, Maritta
    and Santen, Thomas
    and Schmidt, Holger},
    title={A comparison of security requirements engineering methods},
    journal={Requirements Engineering},
    year={2010},
    month={03},
    day={01},
    volume={15},
    number={1},
    pages={7-40},
    issn={1432-010X},
    doi={10.1007/s00766-009-0092-x},
    url={https://doi.org/10.1007/s00766-009-0092-x}
}

@inproceedings{Ding:SecAnalySPIN,
    author = {Ding, Zhonglin and Hu, Yang and Luo, Wei and Huang, Zhongming and Zhang, Lei and Qin, Zhongyuan},
    title = {Security Analysis of Embedded SIM Remote Provisioning Protocol Using SPIN},
    year = {2021},
    isbn = {9781450386425},
    publisher = {Association for Computing Machinery},
    address = {New York, NY, USA},
    url = {https://doi.org/10.1145/3507509.3507515},
    doi = {10.1145/3507509.3507515},
    booktitle = {2021 the 11th International Conference on Communication and Network Security},
    pages = {43–48},
    numpages = {6},
    keywords = {Security, eSIM, Dolev-Yao model, SPIN},
    location = {Weihai, China},
    series = {ICCNS 2021}
}
@article{Mellado:SysRevofSecReqEng,
    title = {A systematic review of security requirements engineering},
    journal = {Computer Standards \& Interfaces},
    volume = {32},
    number = {4},
    pages = {153-165},
    year = {2010},
    issn = {0920-5489},
    doi = {https://doi.org/10.1016/j.csi.2010.01.006},
    url = {https://www.sciencedirect.com/science/article/pii/S0920548910000255},
    author = {Daniel Mellado and Carlos Blanco and Luis E. Sánchez and Eduardo Fernández-Medina},
    keywords = {Security requirements, Security requirements engineering, Requirements engineering, Security engineering, Secure development, Security, Systematic review},
}

@InProceedings{Sabt:CryptanGPSCP,
author="Sabt, Mohamed
and Traor{\'e}, Jacques",
editor="Chen, Lidong
and McGrew, David
and Mitchell, Chris",
title="Cryptanalysis of GlobalPlatform Secure Channel Protocols",
booktitle="Security Standardisation Research",
year="2016",
publisher="Springer International Publishing",
address="Cham",
pages="62--91",
isbn="978-3-319-49100-4"
}

@InProceedings{Lv:NbIoTeSIM,
author="Lv, Yuxiang
and Yang, Yang
and Ma, Ping
and Dong, Yawen
and Shang, Wei",
editor="Liu, Qi
and Liu, Xiaodong
and Li, Lang
and Zhou, Huiyu
and Zhao, Hui-Huang",
title="Remote Network Provisioning with Terminals Priority and Cooperative Relaying for Embedded SIM for NB-IoT Reliability",
booktitle="Proceedings of the 9th International Conference on Computer Engineering and Networks ",
year="2021",
publisher="Springer Singapore",
address="Singapore",
pages="117--125",
isbn="978-981-15-3753-0"
}
@ARTICLE{Dolev:Yao,  author={Dolev, D. and Yao, A.},  journal={IEEE Transactions on Information Theory},   title={On the security of public key protocols},   year={1983},  volume={29},  number={2},  pages={198-208},  doi={10.1109/TIT.1983.1056650}}

@ARTICLE{SPIN,
  author={Holzmann, G.J.},
  journal={IEEE Transactions on Software Engineering}, 
  title={The model checker SPIN}, 
  year={1997},
  volume={23},
  number={5},
  pages={279-295},
  doi={10.1109/32.588521}}
  
@InProceedings{Dejon:AutomatedSecurityAnalysisofFotA,
author="Dejon, Nicolas
and Caputo, Davide
and Verderame, Luca
and Armando, Alessandro
and Merlo, Alessio",
editor="Laurent, Maryline
and Giannetsos, Thanassis",
title="Automated Security Analysis of IoT Software Updates",
booktitle="Information Security Theory and Practice",
year="2020",
publisher="Springer International Publishing",
address="Cham",
pages="223--239",
isbn="978-3-030-41702-4"
}

@ARTICLE{Zandberg:SecFirmwareUpdatesforIoT,  author={Zandberg, Koen and Schleiser, Kaspar and Acosta, Francisco and Tschofenig, Hannes and Baccelli, Emmanuel},  journal={IEEE Access},   title={Secure Firmware Updates for Constrained IoT Devices Using Open Standards: A Reality Check},   year={2019},  volume={7},  number={},  pages={71907-71920},  doi={10.1109/ACCESS.2019.2919760}}

@online{1ot:SIMtypes,
 author  = "Kroodo, Märt",
 title   = "Differences between SIM types - which SIM to choose?",
 year    = "2022",
 urlseen = "27-06-2022",
 url     = {https://1ot.mobi/resources/blog/differences-between-sim-types-which-sim-to-choose}
}

@online{Google:HTTPvsMQTT,
 author  = "Wang, Charlie",
 title   = "HTTP vs. MQTT: A tale of two IoT protocols",
 year    = "2018",
 urlseen = "06-07-2022",
 url     = {https://cloud.google.com/blog/products/iot-devices/http-vs-mqtt-a-tale-of-two-iot-protocols}
}