@manual{SGP:02v3,
    organization  = "GSMA",
    title         = "Remote Provisioning Architecture for Embedded UICC Technical Specification",
    number        = "SGP.02",
    year          =  2016,
    month         =  05,    
    note          = "Version 3.1"
}
@manual{SGP:02,
    organization  = "GSMA",
    title         = "Remote Provisioning Architecture for Embedded UICC Technical Specification",
    number        = "SGP.02",
    year          =  2021,
    month         =  11,    
    note          = "Version 4.2.1"
}
@manual{SGP:01,
    organization  = "GSMA",
    title         = "Embedded SIM Remote Provisioning Architecture",
    number        = "SGP.01",
    year          =  2020,
    month         =  07,    
    note          = "Version 4.2"
}
@manual{SGP:21,
    organization  = "GSMA",
    title         = "RSP Architecture",
    number        = "SGP.21",
    year          =  2021,
    month         =  08,    
    note          = "Version 2.4"
}
@manual{SGP:22,
    organization  = "GSMA",
    title         = "RSP Technical Specification",
    number        = "SGP.22",
    year          =  2021,
    month         =  10,    
    note          = "Version 2.4"
}
@manual{SGP:05,
    organization  = "GSMA",
    title         = "Embedded UICC Protection Profile",
    number        = "SGP.05",
    year          =  2015,
    month         =  08,    
    note          = "Version 1.1"
}
@manual{SGP:25,
    organization  = "GSMA",
    title         = "Embedded UICC for Consumer Devices Protection Profile",
    number        = "SGP.25",
    year          =  2018,
    month         =  06,    
    note          = "Version 1.0"
}
@manual{SGP:31,
    organization  = "GSMA",
    title         = "SGP.31 eSIM IoT Architecture and Requirements",
    number        = "SGP.31",
    year          =  2022,
    month         =  04,    
    note          = "Version 1.0"
}
@manual{GPC:AmendB,
    organization  = "GlobalPlatform Technology",
    title         = "Remote Application Management over HTTP Card Specification v2.3 â€“ Amendment B",
    number        = "GPC\_SPE\_011",
    year          =  2022,
    month         =  03,    
    note          = "Version 1.2"
}
@manual{TS102:225,
    organization  = "European Telecommunications Standards Institute",
    title         = "Smart Cards; Secured packet structure for UICC based applications",
    number        = "ETSI TS 102 225",
    year          =  2020,
    month         =  12,    
    note          = "Version 16.0.1"
}
@manual{TS102:226,
    organization  = "European Telecommunications Standards Institute",
    title         = "Smart Cards; Remote APDU structure for UICC based applications",
    number        = "ETSI TS 102 226",
    year          =  2020,
    month         =  12,    
    note          = "Version 16.0.1"
}
@manual{GPC:AmendE,
    organization  = "GlobalPlatform Technology",
    title         = "Secure Channel Protocol 03 Card Specification v2.2 - Amendment D",
    number        = "GPC\_SPE\_014",
    year          =  2014,
    month         =  07,    
    note          = "Version 1.1.1"
}
@manual{GPC:CardSpec,
    organization  = "GlobalPlatform Technology",
    title         = "Card Specification V2.3.1",
    number        = "GPC\_SPE\_034",
    year          =  2018,
    month         =  03,    
    note          = "Version 2.3.1"
}
@manual{GPC:AmendF,
    organization  = "GlobalPlatform Technology",
    title         = "Card Specification V2.3 - Amendment F",
    number        = "GPC\_SPE\_093",
    year          =  2018,
    month         =  07,    
    note          = "Version 1.2"
}